<record><leader>00000cas a2200000 i 4500</leader><controlfield tag="001">959367613</controlfield><controlfield tag="006">m     o  d        </controlfield><controlfield tag="007">cr |||||||||||</controlfield><controlfield tag="008">160928d18981951nmudn neo     0   a0eng  </controlfield><datafield ind1=" " ind2=" " tag="010"><subfield code="a">  2016271177</subfield></datafield><datafield ind1=" " ind2=" " tag="040"><subfield code="a">DLC</subfield><subfield code="b">eng</subfield><subfield code="e">rda</subfield><subfield code="c">DLC</subfield><subfield code="d">DLC</subfield></datafield><datafield ind1="0" ind2=" " tag="022"><subfield code="a">2474-4360</subfield><subfield code="2">1</subfield></datafield><datafield ind1=" " ind2=" " tag="042"><subfield code="a">pcc</subfield><subfield code="a">nsdp</subfield></datafield><datafield ind1=" " ind2=" " tag="043"><subfield code="a">n-us-nm</subfield></datafield><datafield ind1="1" ind2="0" tag="050"><subfield code="a">ISSN RECORD</subfield></datafield><datafield ind1="1" ind2="0" tag="082"><subfield code="a">071</subfield><subfield code="2">23</subfield></datafield><datafield ind1="0" ind2=" " tag="130"><subfield code="a">Santa Fe New Mexican (Santa Fe, N.M. : 1898)</subfield></datafield><datafield ind1=" " ind2="0" tag="222"><subfield code="a">Santa Fe New Mexican</subfield><subfield code="b">(Santa Fe, N.M. 1898. Online)</subfield></datafield><datafield ind1="1" ind2="0" tag="245"><subfield code="a">Santa Fe New Mexican.</subfield></datafield><datafield ind1="1" ind2=" " tag="246"><subfield code="i">Issues for Sunday June 16, 1940-Jan. 11, 1942 Published as:</subfield><subfield code="a">Santa Fe New Mexican capital examiner</subfield></datafield><datafield ind1=" " ind2="1" tag="264"><subfield code="a">Santa Fe, N.M. :</subfield><subfield code="b">The New Mexican Printing Co.,</subfield><subfield code="c">1898-</subfield></datafield><datafield ind1=" " ind2=" " tag="300"><subfield code="a">1 online resource</subfield></datafield><datafield ind1=" " ind2=" " tag="310"><subfield code="a">Daily (except Saturday &amp; holidays),</subfield><subfield code="b">Feb. 5, 1949-Oct. 31, 1951</subfield></datafield><datafield ind1=" " ind2=" " tag="321"><subfield code="a">Daily (except Sunday),</subfield><subfield code="b">Jan. 3, 1898-Feb. 4, 1949</subfield></datafield><datafield ind1=" " ind2=" " tag="336"><subfield code="a">text</subfield><subfield code="b">txt</subfield><subfield code="2">rdacontent</subfield></datafield><datafield ind1=" " ind2=" " tag="337"><subfield code="a">computer</subfield><subfield code="b">c</subfield><subfield code="2">rdamedia</subfield></datafield><datafield ind1=" " ind2=" " tag="338"><subfield code="a">online resource</subfield><subfield code="b">cr</subfield><subfield code="2">rdacarrier</subfield></datafield><datafield ind1="1" ind2=" " tag="362"><subfield code="a">Began with vol. 34, no. 264 (January 3, 1898); ceased October 31, 1951.</subfield></datafield><datafield ind1=" " ind2=" " tag="500"><subfield code="a">Microfilm published by BMI Imaging Systems; issued in series: Chicano serials collection.</subfield></datafield><datafield ind1=" " ind2=" " tag="500"><subfield code="a">Filmed with other titles.</subfield></datafield><datafield ind1=" " ind2=" " tag="530"><subfield code="a">Available on microfilm from Bell &amp; Howell Information and Learning and the Library of Congress, Photoduplication Service.</subfield></datafield><datafield ind1=" " ind2=" " tag="546"><subfield code="a">In English and Spanish.</subfield></datafield><datafield ind1=" " ind2=" " tag="580"><subfield code="a">Accompanied at various times by El nuevo mexicano, separately numbered as a section or supplement.</subfield></datafield><datafield ind1=" " ind2=" " tag="588"><subfield code="a">Description based on: Vol. 34, no. 264 (January 3, 1898); title from masthead (Chroniclingamerica.loc.gov, viewed September 28, 2016).</subfield></datafield><datafield ind1=" " ind2=" " tag="588"><subfield code="a">Latest issue consulted: Vol. 46, no. 260 (August 31, 1909) (Chroniclingamerica.loc.gov, viewed September 28, 2016).</subfield></datafield><datafield ind1=" " ind2="0" tag="651"><subfield code="a">Santa Fe (N.M.)</subfield><subfield code="v">Newspapers.</subfield></datafield><datafield ind1=" " ind2="0" tag="651"><subfield code="a">Santa Fe County (N.M.)</subfield><subfield code="v">Newspapers.</subfield></datafield><datafield ind1=" " ind2="7" tag="651"><subfield code="a">New Mexico</subfield><subfield code="z">Santa Fe.</subfield><subfield code="2">fast</subfield><subfield code="0">(OCoLC)fst01205208</subfield></datafield><datafield ind1=" " ind2="7" tag="651"><subfield code="a">New Mexico</subfield><subfield code="z">Santa Fe County.</subfield><subfield code="2">fast</subfield><subfield code="0">(OCoLC)fst01216898</subfield></datafield><datafield ind1=" " ind2="7" tag="655"><subfield code="a">Newspapers.</subfield><subfield code="2">fast</subfield><subfield code="0">(OCoLC)fst01423814</subfield></datafield><datafield ind1=" " ind2=" " tag="752"><subfield code="a">United States</subfield><subfield code="b">New Mexico</subfield><subfield code="c">Santa Fe</subfield><subfield code="d">Santa Fe.</subfield></datafield><datafield ind1="0" ind2=" " tag="775"><subfield code="t">Nuevo mexicano</subfield><subfield code="x">2472-2839</subfield><subfield code="w">(DLC)  2016271069</subfield><subfield code="w">(OCoLC)664615819</subfield></datafield><datafield ind1="0" ind2="8" tag="776"><subfield code="i">Originally issued in print:</subfield><subfield code="t">Santa Fe new Mexican (Santa Fe, N.M. : 1898)</subfield><subfield code="x">2474-4352</subfield><subfield code="w">(DLC)sn 84020630</subfield><subfield code="w">(OCoLC)11276373</subfield></datafield><datafield ind1="0" ind2="0" tag="780"><subfield code="t">Santa Fe daily new Mexican (Santa Fe, N.M. : 1885)</subfield><subfield code="x">2474-4379</subfield><subfield code="w">(DLC)  2016271178</subfield><subfield code="w">(OCoLC)742638585</subfield></datafield><datafield ind1="0" ind2="0" tag="785"><subfield code="t">New Mexican (Santa Fe, N.M. : 1951)</subfield></datafield><datafield ind1="4" ind2="1" tag="856"><subfield code="u">http://infoweb.newsbank.com/?db=EANX&amp;s_browseRef=decades/10FE7A0DDA971548/all.xml</subfield></datafield><datafield ind1="4" ind2="0" tag="856"><subfield code="u">http://chroniclingamerica.loc.gov/lccn/sn84020630/issues/</subfield></datafield></record>